@inproceedings{blind,
  title={Understanding blind people's experiences with computer-generated captions of social media images},
  author={MacLeod, Haley and Bennett, Cynthia L and Morris, Meredith Ringel and Cutrell, Edward},
  booktitle={Proceedings of the 2017 CHI Conference on Human Factors in Computing Systems},
  pages={5988--5999},
  year={2017}
}

@article{bernardi2016automatic,
  title={Automatic description generation from images: A survey of models, datasets, and evaluation measures},
  author={Bernardi, Raffaella and Cakici, Ruket and Elliott, Desmond and Erdem, Aykut and Erdem, Erkut and Ikizler-Cinbis, Nazli and Keller, Frank and Muscat, Adrian and Plank, Barbara},
  journal={Journal of Artificial Intelligence Research},
  volume={55},
  pages={409--442},
  year={2016}
}

@inproceedings{xu2015show,
  title={Show, attend and tell: Neural image caption generation with visual attention},
  author={Xu, Kelvin and Ba, Jimmy and Kiros, Ryan and Cho, Kyunghyun and Courville, Aaron and Salakhudinov, Ruslan and Zemel, Rich and Bengio, Yoshua},
  booktitle={International conference on machine learning},
  pages={2048--2057},
  year={2015}
}

@article{chen2017attacking,
  title={Attacking visual language grounding with adversarial examples: A case study on neural image captioning},
  author={Chen, Hongge and Zhang, Huan and Chen, Pin-Yu and Yi, Jinfeng and Hsieh, Cho-Jui},
  journal={arXiv preprint arXiv:1712.02051},
  year={2017}
}

@inproceedings{liu2018show,
  title={Show, tell and discriminate: Image captioning by self-retrieval with partially labeled data},
  author={Liu, Xihui and Li, Hongsheng and Shao, Jing and Chen, Dapeng and Wang, Xiaogang},
  booktitle={Proceedings of the European Conference on Computer Vision (ECCV)},
  pages={338--354},
  year={2018}
}